@article{
    article,
    author = {Grossi, Enzo and Buscema, Massimo},
    year = {2008},
    month = {01},
    pages = {1046-54},
    title = {Introduction to artificial neural networks},
    volume = {19},
    journal = {European journal of gastroenterology \&\ hepatology},
    doi = {10.1097/MEG.0b013e3282f198a0}
}

@misc{
    oshea2015introduction,
    title={An Introduction to Convolutional Neural Networks}, 
    author={Keiron O'Shea and Ryan Nash},
    year={2015},
    eprint={1511.08458},
    archivePrefix={arXiv},
    primaryClass={cs.NE}
}

@INPROCEEDINGS{
    7410526,
    author={Girshick, Ross},
    booktitle={2015 IEEE International Conference on Computer Vision (ICCV)}, 
    title={Fast R-CNN}, 
    year={2015},
    volume={},
    number={},
    pages={1440-1448},
    keywords={Training;Proposals;Feature extraction;Object detection;Pipelines;Computer architecture;Open source software},
    doi={10.1109/ICCV.2015.169}
}